@manual{anleitung-ws2014,
	title = {Optische Fouriertransformation},
	publisher = {Institut für Angewandte Physik},
	year = {2017},
	month = {November},
	organization = {Westfälische Wilhelms-Universität Münster}
}



