@manual{anleitung-ws2014,
	title = {R채umlicher LC-Modulatorund diffraktive Optik},
	publisher = {Angewandte Physik},
	year = {2019},
	month = {April},
	organization = {Westf채lische Wilhelms-Universit채t M체nster}
}



