@manual{anleitung-ws2014,
	title = {bereitgestellte Anleitung MiniPET},
	publisher = {V.M. Hannen, S. Streubel, D.Vernekohl},
	organization = {WWU Münster, Institut für Kernphysik}
}