@Misc{Zerfallsreihe,
	title = {$\beta$-Zerfall $^{137}$Cs},
	note = {eingesehen am 08.07.2019},
	url = {https://web.archive.org/web/20150522091637/http://ie.lbl.gov/toi/nuclide.asp?iZA=550137}
	}


@manual{anleitung-ws2014,
	title = {bereitgestellte Anleitung $\beta$-Zerfall},
	publisher = {Kern Physik},
	organization = {Westfälische Wilhelms-Universität Münster}
}