@manual{anleitung-ws2014,
	title = {Naj(TI)- und Ge-Detektoren},
	publisher = {Kern Physik},
	year = {2018},
	month = {Oktober},
	organization = {Westfälische Wilhelms-Universität Münster}
}

@Misc{Zerfallsreihe,
	title = {Zerfallsreihen},
	note = {eingesehen am 20.06.2019},
	url = {https://www.cpp.edu/~pbsiegel/decaychain/}
	}
